@inproceedings{fiorellivilmartCoupCiseaux2010,
  title = {En Un Coup de Ciseaux 3},
  booktitle = {Semaine Des Maths 2010},
  author = {Fiorelli Vilmart, Shaula},
  year = {2010},
  month = sep,
  publisher = {Universit{\'e} de Gen{\`e}ve},
  address = {Gen{\`e}ve}
}

@misc{ghysBrazucaBallonCubique2014,
  title = {Le {{Brazuca}}, Le Ballon Cubique de La {{Coupe}} Du Monde},
  author = {Ghys, Etienne},
  year = {2014},
  month = jun
}

@phdthesis{godotSituationsRechercheJeux2005,
  title = {{Situations recherche et jeux mathematiques pour la formation et la vulgarisation. Exemple de la roue aux couleurs.}},
  author = {Godot, Karine},
  year = {2005},
  langid = {french},
  school = {Universit{\'e} Joseph-Fourier - Grenoble I}
}

@inproceedings{grenierMathematiquesDiscretesMine2018,
  title = {{Les math{\'e}matiques discr{\`e}tes, une mine de situations de recherche pour le raisonnement et la preuve.}},
  booktitle = {{Avec l'informatique, des maths plus discr{\`e}tes ?}},
  author = {Grenier, Denise},
  year = {2018},
  month = jan,
  publisher = {Institu Fourier Universit{\'e} Grenoble-Alpes},
  address = {Limoges},
  langid = {french}
}

@book{grenierSituationsRecherchePour2017,
  title = {{Situations de recherche pour la classe: pour le coll{\`e}ge et le lyc{\'e}e ... et au-del{\`a}}},
  shorttitle = {{Situations de recherche pour la classe}},
  author = {Grenier, Denise and Bacher, Roland and Barbe, Herv{\'e} and Beffara, Emmanuel and Bica{\"i}s, Yvan and Charlot, Gr{\'e}goire and Decauwert, Monique and Deraux, Martin and Gezer, Tarkan and Meilhan, Jean-Baptiste and Mouton, Fr{\'e}d{\'e}ric},
  year = {2017},
  edition = {Edition revue et augment{\'e}e},
  publisher = {IREM de Grenoble},
  address = {Grenoble},
  collaborator = {Fabert, Charlotte},
  isbn = {978-2-9563381-0-9},
  langid = {fre},
  annotation = {OCLC: 1081175040}
}
