@article{MCKELVEY1976472,
title = {Intransitivities in multidimensional voting models and some implications for agenda control},
journal = {Journal of Economic Theory},
volume = {12},
number = {3},
pages = {472-482},
year = {1976},
issn = {0022-0531},
doi = {https://doi.org/10.1016/0022-0531(76)90040-5},
url = {https://www.sciencedirect.com/science/article/pii/0022053176900405},
author = {Richard D McKelvey}
}